<record><leader>00000cas a2200000 a 4500</leader><controlfield tag="001">7158645</controlfield><controlfield tag="008">810226d1829183uvtuwr ne      0   a0eng d</controlfield><datafield ind1=" " ind2=" " tag="010"><subfield code="a">sn 94051364 </subfield></datafield><datafield ind1=" " ind2=" " tag="040"><subfield code="a">BTI</subfield><subfield code="b">eng</subfield><subfield code="c">BTI</subfield><subfield code="d">NPT</subfield><subfield code="d">CNK</subfield><subfield code="d">NVN</subfield><subfield code="d">ZCU</subfield><subfield code="d">KRTAS</subfield><subfield code="d">OCLCQ</subfield><subfield code="d">OCLCF</subfield><subfield code="d">OCLCO</subfield></datafield><datafield ind1=" " ind2=" " tag="019"><subfield code="a">228737270</subfield></datafield><datafield ind1="1" ind2=" " tag="029"><subfield code="a">AU@</subfield><subfield code="b">000010929008</subfield></datafield><datafield ind1=" " ind2=" " tag="042"><subfield code="a">msc</subfield></datafield><datafield ind1=" " ind2=" " tag="043"><subfield code="a">n-us-vt</subfield></datafield><datafield ind1=" " ind2="4" tag="050"><subfield code="a">BX9901</subfield></datafield><datafield ind1="0" ind2="0" tag="245"><subfield code="a">Universalist watchman, repository and chronicle.</subfield></datafield><datafield ind1="1" ind2="3" tag="246"><subfield code="a">Watchman and repository</subfield><subfield code="f">&lt;Apr. 30, 1831-Apr. 20, 1833&gt;</subfield></datafield><datafield ind1="1" ind2="7" tag="246"><subfield code="a">Watchman, repository and chronicle</subfield></datafield><datafield ind1="1" ind2="7" tag="246"><subfield code="a">Repository &amp; chronicle</subfield></datafield><datafield ind1="1" ind2="7" tag="246"><subfield code="a">Universalist watchman</subfield></datafield><datafield ind1=" " ind2=" " tag="260"><subfield code="a">Woodstock, Vt. :</subfield><subfield code="b">W. Bell</subfield></datafield><datafield ind1=" " ind2=" " tag="300"><subfield code="a">v. ;</subfield><subfield code="c">31 cm.</subfield></datafield><datafield ind1=" " ind2=" " tag="310"><subfield code="a">Weekly</subfield></datafield><datafield ind1="1" ind2=" " tag="362"><subfield code="a">Began in May 1829.</subfield></datafield><datafield ind1=" " ind2=" " tag="500"><subfield code="a">Published in Montpelier, Vt., May 31, 1834-Oct. 10, 1835.</subfield></datafield><datafield ind1=" " ind2=" " tag="515"><subfield code="a">Vols. for: &lt;Apr. 30, 1831-Apr. 20, 1833&gt; called also: v. &lt;12-13&gt; continuing the numbering of Christian repository.</subfield></datafield><datafield ind1=" " ind2=" " tag="530"><subfield code="a">Available on microfilm from University Microfilms (American periodical series: 1800-1850).</subfield></datafield><datafield ind1=" " ind2=" " tag="530"><subfield code="a">Also issued online.</subfield></datafield><datafield ind1=" " ind2=" " tag="588"><subfield code="a">Description based on: New ser., vol. 2, no. 1 (May 1, 1830) = v. 11.</subfield></datafield><datafield ind1=" " ind2="0" tag="650"><subfield code="a">Universalism</subfield><subfield code="v">Newspapers.</subfield></datafield><datafield ind1=" " ind2="0" tag="651"><subfield code="a">Woodstock (Vt.)</subfield><subfield code="v">Newspapers.</subfield></datafield><datafield ind1=" " ind2="0" tag="651"><subfield code="a">Montpelier (Vt.)</subfield><subfield code="v">Newspapers.</subfield></datafield><datafield ind1=" " ind2="0" tag="651"><subfield code="a">Vermont</subfield><subfield code="v">Newspapers.</subfield></datafield><datafield ind1=" " ind2="7" tag="655"><subfield code="a">Newspapers.</subfield><subfield code="2">fast</subfield><subfield code="0">(OCoLC)fst01423814</subfield></datafield><datafield ind1=" " ind2="7" tag="650"><subfield code="a">Universalism.</subfield><subfield code="2">fast</subfield><subfield code="0">(OCoLC)fst01161574</subfield></datafield><datafield ind1=" " ind2="7" tag="651"><subfield code="a">Vermont.</subfield><subfield code="2">fast</subfield><subfield code="0">(OCoLC)fst01204305</subfield></datafield><datafield ind1=" " ind2="7" tag="651"><subfield code="a">Vermont</subfield><subfield code="z">Montpelier.</subfield><subfield code="2">fast</subfield><subfield code="0">(OCoLC)fst01208013</subfield></datafield><datafield ind1=" " ind2="7" tag="651"><subfield code="a">Vermont</subfield><subfield code="z">Woodstock.</subfield><subfield code="2">fast</subfield><subfield code="0">(OCoLC)fst01211519</subfield></datafield><datafield ind1=" " ind2=" " tag="752"><subfield code="a">United States</subfield><subfield code="b">Vermont</subfield><subfield code="c">Windsor</subfield><subfield code="d">Woodstock.</subfield></datafield><datafield ind1=" " ind2=" " tag="752"><subfield code="a">United States</subfield><subfield code="b">Vermont</subfield><subfield code="c">Washington</subfield><subfield code="d">Montpelier.</subfield></datafield><datafield ind1="1" ind2=" " tag="776"><subfield code="t">Universalist watchman, repository and chronicle (Online)</subfield><subfield code="w">(DLC)  2006255241</subfield><subfield code="w">(OCoLC)70195792</subfield></datafield><datafield ind1="0" ind2="0" tag="780"><subfield code="t">Christian repository</subfield><subfield code="w">(OCoLC)1776546</subfield></datafield><datafield ind1="4" ind2="1" tag="856"><subfield code="u">http://proquest.umi.com/pqdweb?RQT=318&amp;VName=HNP&amp;pmid=42390</subfield></datafield><datafield ind1=" " ind2=" " tag="936"><subfield code="a">Apr. 20, 1833</subfield></datafield><datafield ind1=" " ind2=" " tag="938"><subfield code="a">Kirtas Technologies, Inc.</subfield><subfield code="b">KRTS</subfield><subfield code="n">849610</subfield></datafield></record>